@article{gigerenzer2004,
	doi = {10.1016/j.socec.2004.09.033},
	year = 2004,
	volume = {33},
	number = {5},
	pages = {587--606},
	author = {Gerd Gigerenzer},
	title = {Mindless statistics},
	journal = {The {J}ournal of {S}ocio-{E}conomics}
}

@article{berger1987,
	doi = {10.2307/2289131},
	url = {https://doi.org/10.2307/2289131},
	year = 1987,
	month = {mar},
	publisher = {{JSTOR}},
	volume = {82},
	number = {397},
	pages = {112},
	author = {James O. Berger and Thomas Sellke},
	title = {Testing a Point Null Hypothesis: {T}he Irreconcilability of $P$ Values and Evidence},
	journal = {Journal of the American Statistical Association}
}

@book{fisher1925,
  title={Statistical Methods for Research Workers},
  author={Fisher, Ronald A.},
  publisher={Oliver \& Boyd},
  address={Edinburgh},
  year=1925
}


@Article{faulkenberry2018,
  author       = {Faulkenberry, Thomas J.},
  title	       = {Computing {B}ayes factors to measure evidence from
                  experiments: An extension of the {BIC} approximation},
  year	       = 2018,
  volume       = 55,
  number       = 1,
  month	       = {Jun},
  pages	       = {31--43},
  issn	       = {1896-3811},
  doi	       = {10.2478/bile-2018-0003},
  url	       = {http://dx.doi.org/10.2478/bile-2018-0003},
  journal      = {Biometrical Letters},
  publisher    = {Walter de Gruyter GmbH}
}

@article{lindley1957,
	doi = {10.1093/biomet/44.1-2.187},
	year = 1957,
	publisher = {Oxford University Press ({OUP})},
	volume = {44},
	number = {1-2},
	pages = {187--192},
	author = {D. V. Lindley},
	title = {A Statistical Paradox},
	journal = {Biometrika}
}


@Article{kassRaftery1995,
  author       = {Kass, Robert E. and Raftery, Adrian E.},
  title	       = {Bayes Factors},
  year	       = 1995,
  volume       = 90,
  number       = 430,
  month	       = {Jun},
  pages	       = {773--795},
  issn	       = {1537-274X},
  doi	       = {10.1080/01621459.1995.10476572},
  url	       = {http://dx.doi.org/10.1080/01621459.1995.10476572},
  journal      = {Journal of the American Statistical Association},
  publisher    = {Informa UK Limited}
}

@article{raftery1995,
	doi = {10.2307/271063},
	year = 1995,
	publisher = {{JSTOR}},
	volume = {25},
	pages = {111--163},
	author = {Adrian E. Raftery},
	title = {Bayesian Model Selection in Social Research},
	journal = {Sociological {M}ethodology}
}

@article{wagenmakers2007,
	doi = {10.3758/bf03194105},
	year = 2007,
	publisher = {Springer Nature},
	volume = {14},
	number = {5},
	pages = {779--804},
	author = {Eric-Jan Wagenmakers},
	title = {A practical solution to the pervasive problems of $p$ values},
	journal = {Psychonomic {B}ulletin {\&} {R}eview}
}

@article{masson2011,
	doi = {10.3758/s13428-010-0049-5},
	year = 2011,
	publisher = {Springer Nature},
	volume = {43},
	number = {3},
	pages = {679--690},
	author = {Michael E. J. Masson},
	title = {A tutorial on a practical {B}ayesian alternative to null-hypothesis significance testing},
	journal = {Behavior {R}esearch {M}ethods}
}

@article{rouder2012,
	doi = {10.1016/j.jmp.2012.08.001},
	year = 2012,
	publisher = {Elsevier {BV}},
	volume = {56},
	number = {5},
	pages = {356--374},
	author = {Jeffrey N. Rouder and Richard D. Morey and Paul L. Speckman and Jordan M. Province},
	title = {Default {B}ayes factors for {ANOVA} designs},
	journal = {Journal of {M}athematical {P}sychology}
}

@article{morey2011,
	doi = {10.1037/a0024377},
	year = 2011,
	publisher = {American Psychological Association ({APA})},
	volume = {16},
	number = {4},
	pages = {406--419},
	author = {Richard D. Morey and Jeffrey N. Rouder},
	title = {Bayes factor approaches for testing interval null hypotheses.},
	journal = {Psychological {M}ethods}
}

@article{rouder2009,
	doi = {10.3758/pbr.16.2.225},
	year = 2009,
	publisher = {Springer Nature},
	volume = {16},
	number = {2},
	pages = {225--237},
	author = {Jeffrey N. Rouder and Paul L. Speckman and Dongchu Sun and Richard D. Morey and Geoffrey Iverson},
	title = {Bayesian $t$ tests for accepting and rejecting the null hypothesis},
	journal = {Psychonomic {B}ulletin {\&} {R}eview}
}


@Article{nathoo2016,
  author       = {Nathoo, Farouk S. and Masson, Michael E.J.},
  title	       = {Bayesian alternatives to null-hypothesis
                  significance testing for repeated-measures designs},
  year	       = 2016,
  volume       = 72,
  month	       = {Jun},
  pages	       = {144--157},
  issn	       = {0022-2496},
  doi	       = {10.1016/j.jmp.2015.03.003},
  url	       = {http://dx.doi.org/10.1016/j.jmp.2015.03.003},
  journal      = {Journal of Mathematical Psychology},
  publisher    = {Elsevier BV}
}


@Article{jones2011,
  author       = {Jones, Richard H.},
  title	       = {Bayesian information criterion for longitudinal and
                  clustered data},
  year	       = 2011,
  volume       = 30,
  number       = 25,
  month	       = {Jul},
  pages	       = {3050--3056},
  issn	       = {0277-6715},
  doi	       = {10.1002/sim.4323},
  url	       = {http://dx.doi.org/10.1002/sim.4323},
  journal      = {Statistics in Medicine},
  publisher    = {Wiley}
}


@article{faulkenberryBowman2018,
  title={A shifted {W}ald decomposition of the numerical size-congruity effect: {S}upport for a late interaction account},
  author={Faulkenberry, Thomas J and Vick, Adriana D and Bowman, Kristen A},
  journal={Polish Psychological Bulletin},
  year={2018},
  volume=49,
  number=4,
  pages={391--397},
  publisher={Committee for Psychological Science PAS}
}

@Article{anders2016,
  author       = {Anders, Royce and Alario, F.-Xavier and Van Maanen,
                  Leendert},
  title	       = {The shifted {W}ald distribution for response time data
                  analysis.},
  year	       = 2016,
  volume       = 21,
  number       = 3,
  month	       = {Sep},
  pages	       = {309--327},
  issn	       = {1082-989X},
  doi	       = {10.1037/met0000066},
  url	       = {http://dx.doi.org/10.1037/met0000066},
  journal      = {Psychological Methods},
  publisher    = {American Psychological Association (APA)}
}

@Article{faulkenberry2017,
  author       = {Faulkenberry, Thomas J.},
  title	       = {A Single-Boundary Accumulator Model of Response
                  Times in an Addition Verification Task},
  year	       = 2017,
  volume       = {8:01225},
  month	       = {Jul},
  issn	       = {1664-1078},
  doi	       = {10.3389/fpsyg.2017.01225},
  url	       = {http://dx.doi.org/10.3389/fpsyg.2017.01225},
  journal      = {Frontiers in Psychology},
  publisher    = {Frontiers Media SA}
}

@Article{santens2011,
  author       = {Santens, Seppe and Verguts, Tom},
  title	       = {The size congruity effect: Is bigger always more?},
  year	       = 2011,
  volume       = 118,
  number       = 1,
  month	       = {Jan},
  pages	       = {94--110},
  issn	       = {0010-0277},
  doi	       = {10.1016/j.cognition.2010.10.014},
  url	       = {http://dx.doi.org/10.1016/j.cognition.2010.10.014},
  journal      = {Cognition},
  publisher    = {Elsevier BV}
}

@Article{faulkenberry2016,
  author       = {Faulkenberry, Thomas J. and Cruise, Alexander and
                  Lavro, Dmitri and Shaki, Samuel},
  title	       = {Response trajectories capture the continuous
                  dynamics of the size congruity effect},
  year	       = 2016,
  volume       = 163,
  month	       = {Jan},
  pages	       = {114--123},
  issn	       = {0001-6918},
  doi	       = {10.1016/j.actpsy.2015.11.010},
  url	       = {http://dx.doi.org/10.1016/j.actpsy.2015.11.010},
  journal      = {Acta Psychologica},
  publisher    = {Elsevier BV}
}

@Article{sobel2016,
  author       = {Sobel, Kenith V. and Puri, Amrita M. and
                  Faulkenberry, Thomas J.},
  title	       = {Bottom-up and top-down attentional contributions to
                  the size congruity effect},
  year	       = 2016,
  volume       = 78,
  number       = 5,
  month	       = {Apr},
  pages	       = {1324--1336},
  issn	       = {1943-393X},
  doi	       = {10.3758/s13414-016-1098-3},
  url	       = {http://dx.doi.org/10.3758/s13414-016-1098-3},
  journal      = {Attention, Perception, \& Psychophysics},
  publisher    = {Springer Nature}
}

@Article{sobel2017,
  author       = {Sobel, Kenith V. and Puri, Amrita M. and
                  Faulkenberry, Thomas J. and Dague, Taylor D.},
  title	       = {Visual search for conjunctions of physical and
                  numerical size shows that they are processed
                  independently.},
  year	       = 2017,
  volume       = 43,
  number       = 3,
  pages	       = {444--453},
  issn	       = {0096-1523},
  doi	       = {10.1037/xhp0000323},
  url	       = {http://dx.doi.org/10.1037/xhp0000323},
  journal      = {Journal of Experimental Psychology: Human Perception
                  and Performance},
  publisher    = {American Psychological Association (APA)}
}


@article{ly2018,
author = {Alexander Ly and Akash Raj and Alexander Etz and Maarten Marsman and Quentin F. Gronau and Eric-Jan Wagenmakers},
title ={Bayesian Reanalyses From Summary Statistics: {A} Guide for Academic Consumers},
journal = {Advances in Methods and Practices in Psychological Science},
volume = {1},
number = {3},
pages = {367--374},
year = {2018},
doi = {10.1177/2515245918779348}
}

@article{faulkenberry2019,
  title={Estimating Evidential Value From Analysis of Variance Summaries: {A} Comment on {L}y et al. (2018)},
  author={Faulkenberry, Thomas J},
  journal={Advances in Methods and Practices in Psychological Science},
  year={2019},
  publisher={SAGE Publications Sage CA: Los Angeles, CA}
}
